@inbook{gonzalez-woods-imgproc,
	author={Gonzalez, Rafael C. and Woods, Richard E.},
	title={Digital Image Processing},
	publisher={Pearson Prentice Hall},
	year={2008},
	edition={3},
	pages={1--3},
	isbn={978-0-13-168728-8}
}
@inbook{ger-kla-kru-intro,
	author={Gerdes, Ingrid and Klawonn, Frank and Kruse, Rudolf},
	title={Evolution\"{a}re Algorithmen},
	publisher={Vieweg+Teubner Verlag},
	year={2004},
	pages={1--2},
	isbn={978-3-322-86839-8},
	language = {ngerman}
}
@article{j-h-holland,
	author={Holland, John H.},
	title={Genetische Algorithmen},
	journal={Spektrum der Wissenschaft},
	year={1992},
	pages={30 ff.},
	month={9},
	language = {ngerman}
}
@inbook{eib-smi-ea,
	author={Eiben, A.E. and Smith, J.E.},
	title={Introduction to Evolutionary Computing},
	publisher={Springer Verlag},
	year={2015},
	edition={2},
	chapter={3},
	isbn={978-3-662-44874-8}
}